@incollection{bagchi2018protein,
  title={Protein-protein Interactions: Basics, Characteristics, and Predictions},
  author={Bagchi, Angshuman},
  booktitle={Soft Computing for Biological Systems},
  pages={111--120},
  year={2018},
  publisher={Springer}
}


@article{big2011chaos,
  title={CHAOS MANIFESTO 2011},
  author={{Big, Think and Small, Act}},
  journal={CHAOS MANIFESTO},
  year={2011}
}

@misc{bancochile,
  author = {{Banco Central de Chile}},
  title = {{Informe de Pol√≠tica Monetaria Septiembre 2023}},
  howpublished = "\url{https://www.bcentral.cl/web/banco-central/contenido/-/detalle/informe-de-politica-monetaria-septiembre-2023}",
  year = {2023}, 
  note = "[Online; accedido 08/12/2023]"
}

@article{chen2003protein,
  title={A protein--protein docking benchmark},
  author={Chen, Rong and Mintseris, Julian and Janin, Jo{\"e}l and Weng, Zhiping},
  journal={Proteins: Structure, Function, and Bioinformatics},
  volume={52},
  number={1},
  pages={88--91},
  year={2003},
  publisher={Wiley Online Library}
}
